<?xml version="1.0" encoding="UTF-8"?><collection xmlns="http://www.loc.gov/MARC21/slim"><record><leader>00353nam--2200145-i-4500</leader><controlfield tag="001">000014655</controlfield><controlfield tag="002">20161230</controlfield><controlfield tag="005">20161230201030</controlfield><controlfield tag="008">060222s1000------------r-----000-0-eng-d</controlfield><datafield ind1=" " ind2=" " tag="020"><subfield code="a">A.R.E.A.E.E./REP</subfield></datafield><datafield ind1=" " ind2=" " tag="100"><subfield code="a">El-yamani, I.S</subfield></datafield><datafield ind1=" " ind2=" " tag="245"><subfield code="a">Farah, m.y</subfield></datafield><datafield ind1=" " ind2=" " tag="260"><subfield code="a">Abd El-messieh</subfield></datafield><datafield ind1=" " ind2=" " tag="490"><subfield code="a">Cairo, Atomic Energy Establishment, 1979 12 P</subfield></datafield><datafield ind1=" " ind2=" " tag="653"><subfield code="a">227</subfield></datafield></record></collection>